<?xml version="1.0" encoding="utf-8"?>
<record xmlns="http://www.loc.gov/MARC21/slim" xmlns:xsi="http://www.w3.org/2001/XMLSchema-instance" xsi:schemaLocation="http://www.loc.gov/MARC21/slim http://www.loc.gov/standards/marcxml/schema/MARC21slim.xsd">
	<leader>
		02262nam a2200385   4500
	</leader>
	<controlfield tag="001">
		174763
	</controlfield>
	<controlfield tag="003">
		NjP
	</controlfield>
	<controlfield tag="006">
		m        d        
	</controlfield>
	<controlfield tag="007">
		cr cn |||m|||a
	</controlfield>
	<controlfield tag="008">
		151111s1929    sy      o     000 0 arard
	</controlfield>
	<datafield ind1=" " ind2=" " tag="040">
		<subfield code="a">
			NNU
		</subfield>
		<subfield code="b">
			eng
		</subfield>
		<subfield code="e">
			rda
		</subfield>
		<subfield code="c">
			NNU
		</subfield>
	</datafield>
	<datafield ind1="0" ind2=" " tag="050">
		<subfield code="a">
			PJ6696.Z8
		</subfield>
		<subfield code="b">
			S9 1929
		</subfield>
	</datafield>
	<datafield ind1="0" ind2=" " tag="100">
		<subfield code="a">
			Suyūṭī,
		</subfield>
		<subfield code="d">
			1445-1505.
		</subfield>
	</datafield>
	<datafield ind1="1" ind2="3" tag="245">
		<subfield code="a">
			al-Mutawakkilī fīmā warada fī al-Qurʼān bi-al-lughah al-Ḥabashīyah wa-al-Fārisīyah wa-al-Hindīyah wa-al-Turkīyah wa-al-Zanjīyah wa-al-Nabaṭīyah wa-al-Siryānīyah wa-al-ʻIbrānīyah wa-al-Rūmīyah wa-al-Barbarīyah. /
		</subfield>
		<subfield code="c">
			Taʼlīf Jalāl al-Dīn ʻAbd al-Raḥmān ibn Abī Bakr al-Suyūti. Wa-yalīhi min taʼlīfihi risālah fī uṣūl al-kalimāt.
		</subfield>
	</datafield>
	<datafield ind1=" " ind2=" " tag="260">
		<subfield code="a">
			Dimashq :
		</subfield>
		<subfield code="b">
			Maktabat al-Qudsī wa-al-Badīr,
		</subfield>
		<subfield code="c">
			1348 [1929 or 30]
		</subfield>
	</datafield>
	<datafield ind1=" " ind2=" " tag="300">
		<subfield code="a">
			online resource (20 pages)
		</subfield>
	</datafield>
	<datafield ind1=" " ind2=" " tag="336">
		<subfield code="a">
			text
		</subfield>
		<subfield code="2">
			rdacontent
		</subfield>
	</datafield>
	<datafield ind1=" " ind2=" " tag="337">
		<subfield code="a">
			computer
		</subfield>
		<subfield code="2">
			rdamedia
		</subfield>
	</datafield>
	<datafield ind1=" " ind2=" " tag="338">
		<subfield code="a">
			online resource
		</subfield>
		<subfield code="2">
			rdacarrier
		</subfield>
	</datafield>
	<datafield ind1=" " ind2=" " tag="500">
		<subfield code="a">
			&quot;Allaftu hādhā al-kitāb al-mukhtaṣar mulakhkhaṣan min kitābī al-mabsūṭ al-masālik wa-sammaytuhu al-Mutawakkilī.&quot;
		</subfield>
	</datafield>
	<datafield ind1=" " ind2=" " tag="500">
		<subfield code="a">
			&quot;Al-Uṣūl&quot; : p. 14-20.
		</subfield>
	</datafield>
	<datafield ind1=" " ind2=" " tag="500">
		<subfield code="a">
			Part of the Arabic Collections Online (ACO) project, contributed by Princeton University Libraries.
		</subfield>
	</datafield>
	<datafield ind1=" " ind2=" " tag="533">
		<subfield code="a">
			Electronic reproduction.
		</subfield>
		<subfield code="b">
			New York, N.Y. :
		</subfield>
		<subfield code="c">
			New York University,
		</subfield>
		<subfield code="d">
			2015.
		</subfield>
		<subfield code="5">
			NNU
		</subfield>
	</datafield>
	<datafield ind1="0" ind2="0" tag="630">
		<subfield code="a">
			Qurʼan
		</subfield>
		<subfield code="x">
			Language, style.
		</subfield>
	</datafield>
	<datafield ind1=" " ind2="0" tag="650">
		<subfield code="a">
			Arabic language
		</subfield>
		<subfield code="x">
			Foreign words and phrases.
		</subfield>
	</datafield>
	<datafield ind1=" " ind2="0" tag="650">
		<subfield code="a">
			Arabic language
		</subfield>
		<subfield code="x">
			Etymology.
		</subfield>
	</datafield>
	<datafield ind1="0" ind2="2" tag="700">
		<subfield code="a">
			Suyūṭī,
		</subfield>
		<subfield code="d">
			1445-1505.
		</subfield>
		<subfield code="t">
			Masālik.
		</subfield>
	</datafield>
	<datafield ind1="2" ind2=" " tag="710">
		<subfield code="a">
			Princeton University.
		</subfield>
		<subfield code="b">
			Library.
		</subfield>
	</datafield>
	<datafield ind1="0" ind2=" " tag="730">
		<subfield code="a">
			Arabic Collections Online.
		</subfield>
	</datafield>
	<datafield ind1="0" ind2=" " tag="740">
		<subfield code="a">
			Risālah fī uṣūl al-kalimāt.
		</subfield>
	</datafield>
	<datafield ind1="0" ind2=" " tag="740">
		<subfield code="a">
			Uṣūl.
		</subfield>
	</datafield>
	<datafield ind1="0" ind2="8" tag="776">
		<subfield code="i">
			Print version:
		</subfield>
		<subfield code="a">
			Suyūṭī, 1445-1505.
		</subfield>
		<subfield code="t">
			al-Mutawakkilī fīmā warada fī al-Qurʼān bi-al-lughah al-Ḥabashīyah wa-al-Fārisīyah wa-al-Hindīyah wa-al-Turkīyah wa-al-Zanjīyah wa-al-Nabaṭīyah wa-al-Siryānīyah wa-al-ʻIbrānīyah wa-al-Rūmīyah wa-al-Barbarīyah
		</subfield>
		<subfield code="w">
			(NjP)174763
		</subfield>
		<subfield code="w">
			(DLC)   77214115 
		</subfield>
		<subfield code="w">
			(OCoLC)78644742
		</subfield>
	</datafield>
	<datafield ind1="4" ind2="0" tag="856">
		<subfield code="u">
			http://hdl.handle.net/2333.1/2280gf1c
		</subfield>
	</datafield>
	<datafield ind1=" " ind2=" " tag="959">
		<subfield code="a">
			NNU
		</subfield>
		<subfield code="b">
			WEB
		</subfield>
		<subfield code="c">
			GENI
		</subfield>
		<subfield code="t">
			0
		</subfield>
		<subfield code="m">
			Electronic access
		</subfield>
		<subfield code="s">
			01
		</subfield>
	</datafield>
	<datafield ind1=" " ind2=" " tag="999">
		<subfield code="i">
			NjP_174763
		</subfield>
		<subfield code="o">
			(OCoLC)ocm78644742 
		</subfield>
		<subfield code="s">
			princeton_aco000139
		</subfield>
		<subfield code="e">
			(ERROR-880)
		</subfield>
	</datafield>
</record>
